%% Created using Papers on Thu, 15 Aug 2013.
%% http://papersapp.com/papers/

@article{Petersmann:2011ur,
author = {Petersmann, Ernst-Ulrich},
title = {{Future of the WTO: From Authoritarian Mercantilism to Multilevel Governance for the Benefit of Citizens, The}},
journal = {Asian J. WTO {\&} Int'l Health L {\&} Pol'y},
year = {2011},
volume = {6},
pages = {45},
month = jan
}

@article{Meyer:2009ue,
author = {Meyer, Klaus E and Estrin, Saul and Bhaumik, Sumon Kumar and Peng, Mike W},
title = {{Institutions, resources, and entry strategies in emerging economies}},
journal = {Strategic Management Journal},
year = {2009},
volume = {30},
number = {1},
pages = {61--80},
month = jan
}

@article{Eisenhardt:1989ww,
author = {Eisenhardt, Kathleen M},
title = {{Building theories from case study research}},
journal = {Academy of management review},
year = {1989},
pages = {532--550},
month = jan
}

@article{Child:2005vl,
author = {Child, John and Rodrigues, Suzana B},
title = {{The Internationalization of Chinese Firms: A Case for Theoretical Extension?[1]}},
journal = {Management and organization review},
year = {2005},
volume = {1},
number = {3},
pages = {381--410}
}

@article{StoneSweet:1997wx,
author = {Stone Sweet, Alec and Sandholtz, Wayne},
title = {{European integration and supranational governance}},
journal = {Journal of European public policy},
year = {1997},
volume = {4},
number = {3},
pages = {297--317},
month = jan
}

@article{Ellinas:2011wz,
author = {Ellinas, Antonis A and Suleiman, Ezra N},
title = {{Supranationalism in a transnational bureaucracy: The case of the European Commission}},
journal = {JCMS: Journal of Common Market Studies},
year = {2011},
volume = {49},
number = {5},
pages = {923--947}
}

@article{Tsebelis:2001wq,
author = {Tsebelis, George and Garrett, Geoffrey},
title = {{The institutional foundations of intergovernmentalism and supranationalism in the European Union}},
journal = {International Organization},
year = {2001},
volume = {55},
number = {2},
pages = {357--390},
month = jan
}

@article{Eisenhardt:1991ut,
author = {Eisenhardt, Kathleen M},
title = {{Better stories and better constructs: The case for rigor and comparative logic.}},
journal = {Academy of management review},
year = {1991},
volume = {16},
number = {3},
pages = {620--627}
}

@article{Buckley:2007wc,
author = {Buckley, Peter J and Clegg, L Jeremy and Cross, Adam R and Liu, Xin and Voss, Hinrich and Zheng, Ping},
title = {{The determinants of Chinese outward foreign direct investment}},
journal = {Journal of International Business Studies},
year = {2007},
volume = {38},
number = {4},
pages = {499--518}
}

@article{Ryan:2003hn,
author = {Ryan, Gery W and Bernard, H Russell},
title = {{Techniques to Identify Themes}},
journal = {Field Methods},
year = {2003},
volume = {15},
number = {1},
pages = {85--109},
month = feb
}

@article{Davis:2011io,
author = {Davis, Christina L and Shirato, Yuki},
title = {{Firms, Governments, and WTO Adjudication: Japan's Selection of WTO Disputes}},
journal = {World Politics},
year = {2011},
volume = {59},
number = {02},
pages = {274--313},
month = jun
}

@article{Elsig:2010ks,
author = {Elsig, Manfred},
title = {{The World Trade Organization at work: Performance in a member-driven milieu}},
journal = {The Review of International Organizations},
year = {2010},
volume = {5},
number = {3},
pages = {345--363},
month = jul
}

@article{Meyer:1982ug,
author = {Meyer, Alan D},
title = {{Adapting to Environmental Jolts}},
journal = {Administrative science quarterly},
year = {1982},
volume = {27},
number = {4},
pages = {515--537},
month = dec
}

@article{Hoskisson:2000wd,
author = {Hoskisson, Robert E and Eden, Lorraine and Lau, Chung Ming and Wright, Mike},
title = {{Strategy in emerging economies}},
journal = {Academy of management journal},
year = {2000},
pages = {249--267},
month = jan
}

@article{Dyer:1991ut,
author = {Dyer, W Gibb and Wilkins, Alan L},
title = {{Better stories, not better constructs, to generate better theory: A rejoinder to Eisenhardt.}},
journal = {Academy of management review},
year = {1991},
volume = {16},
number = {3},
pages = {613--619},
month = jan
}

@article{Yin:1981wc,
author = {Yin, Robert K},
title = {{The case study crisis: some answers}},
journal = {Administrative science quarterly},
year = {1981},
volume = {26},
number = {1},
pages = {58--65},
month = jan
}

@book{Powell:1991wn,
author = {Powell, Walter W and DiMaggio, Paul J},
title = {{The New Institutionalism in Organizational Analysis}},
publisher = {University of Chicago Press},
year = {1991},
month = jan
}

@article{Kostova:1999wt,
author = {Kostova, Tatiana and Zaheer, Srilata},
title = {{Organizational legitimacy under conditions of complexity: The case of the multinational enterprise}},
journal = {Academy of management review},
year = {1999},
pages = {64--81},
month = jan
}

@article{Dodge:1994is,
author = {Dodge, H Robert and Fullerton, Sam and Robbins, John E},
title = {{Stage of the organizational life cycle and competition as mediators of problem perception for small businesses}},
journal = {Strategic Management Journal},
year = {1994},
volume = {15},
number = {2},
pages = {121--134},
month = feb
}

@article{Hoopes:2003kj,
author = {Hoopes, David G and Madsen, Tammy L and Walker, Gordon},
title = {{Guest editors' introduction to the special issue: why is there a resource-based view? Toward a theory of competitive heterogeneity}},
journal = {Strategic Management Journal},
year = {2003},
volume = {24},
number = {10},
pages = {889--902}
}

@article{Draucker:2007fu,
author = {Draucker, C B and Martsolf, D S and Ross, R and Rusk, T B},
title = {{Theoretical Sampling and Category Development in Grounded Theory}},
journal = {Qualitative Health Research},
year = {2007},
volume = {17},
number = {8},
pages = {1137--1148},
month = oct
}

@article{Kraaijenbrink:2009bu,
author = {Kraaijenbrink, J and Spender, J C and Groen, A J},
title = {{The Resource-Based View: A Review and Assessment of Its Critiques}},
journal = {Journal of management},
year = {2009},
volume = {36},
number = {1},
pages = {349--372},
month = dec
}

@book{Scott:2001tt,
author = {Scott, W Richard},
title = {{Institutions and Organizations}},
publisher = {SAGE Publications},
year = {2001},
series = {Foundations for Organizational Science},
address = {Thousand Oaks},
edition = {Second Edition}
}

@book{North:1990vl,
author = {North, Douglass C},
title = {{Institutions, Institutional Change and Economic Performance}},
publisher = {Cambridge University Press},
year = {1990},
month = oct
}

@article{Wang:2012ge,
author = {Wang, Chengqi and Hong, Junjie and Kafouros, Mario and Boateng, Agyenim},
title = {{What drives outward FDI of Chinese firms? Testing the explanatory power of three theoretical frameworks}},
journal = {International Business Review},
year = {2012},
volume = {21},
number = {3},
pages = {425--438},
month = jun
}

@article{Peng:2002ef,
author = {Peng, Mike W},
title = {{Towards an institution-based view of business strategy}},
journal = {Asia Pacific Journal of Management},
year = {2002},
volume = {19},
number = {2-3},
pages = {251--267},
month = jan
}

@article{Porter:1980to,
author = {Porter, Michael E},
title = {{Industry structure and competitive strategy: Keys to profitability}},
journal = {Financial Analysts Journal},
year = {1980},
pages = {30--41}
}

@booklet{VonReden:2004ur,
title = {{Money and its Uses in the Ancient Greek World}},
author = {Von Reden, Sitta},
month = jan,
year = {2004}
}

@article{Hudec:2002uz,
author = {Hudec, R E},
title = {{Free trade, sovereignty, democracy: the future of the World Trade Organization}},
journal = {World Trade Review},
year = {2002},
volume = {1},
number = {02},
pages = {211--222}
}

@article{Gao:2009df,
author = {Gao, Gerald Yong and Murray, Janet Y and Kotabe, Masaaki and Lu, Jiangyong},
title = {{A ``strategy tripod'' perspective on export behaviors: Evidence from domestic and foreign firms based in an emerging economy}},
journal = {Journal of International Business Studies},
year = {2009},
volume = {41},
number = {3},
pages = {377--396},
month = may
}

@article{Pauwelyn:2005gx,
author = {Pauwelyn, Joost},
title = {{The Sutherland Report: A Missed Opportunity for Genuine Debate on Trade, Globalization and Reforming the WTO}},
journal = {Journal of International Economic Law},
year = {2005},
volume = {8},
number = {2},
pages = {329--346},
month = jun
}

@article{Peng:2008us,
author = {Peng, Mike W and Khoury, Theodore A},
title = {{Unbundling the institution-based view of international business strategy}},
journal = {Oxford handbook of international business},
year = {2008},
pages = {256--268}
}

@article{Lewin:1999wl,
author = {Lewin, Arie Y and Volberda, Henk W},
title = {{Prolegomena on coevolution: A framework for research on strategy and new organizational forms}},
journal = {Organization science},
year = {1999},
volume = {10},
number = {5},
pages = {519--534},
month = jan
}

@article{Lewis:1983va,
author = {Lewis, Virginia L and Churchill, Neil},
title = {{The five stages of small business growth}},
journal = {Harvard business review},
year = {1983},
volume = {61},
number = {3},
pages = {30--50},
month = jan
}

@article{MelendezOrtiz:vn,
author = {Melendez-Ortiz, Ricardo and Bellmann, Christophe and Mendoza, Miguel Rodriguez},
title = {{The Future and the WTO: Confronting the Chalenges}},
journal = {International Centre for Trade and Sustainable Development (ICTSD)},
year = {2012},
month = jun
}

@article{Tallberg:2002tq,
author = {Tallberg, Jonas},
title = {{Delegation to supranational institutions: why, how, and with what consequences?}},
journal = {West European Politics},
year = {2002},
volume = {25},
number = {1},
pages = {23--46},
month = jan
}

@article{Cantwell:2009hg,
author = {Cantwell, John and Dunning, John H and Lundan, Sarianna M},
title = {{An evolutionary approach to understanding international business activity: The co-evolution of MNEs and the institutional environment}},
journal = {Journal of International Business Studies},
year = {2009},
volume = {41},
number = {4},
pages = {567--586},
month = dec
}

@book{Westney:2005vv,
author = {Westney, D Eleanor},
editor = {Ghoshal, Sumantra and Westney, D Eleanor},
title = {{Organization Theory and the Multinational Corporation}},
publisher = {Palgrave Macmillan},
year = {2005},
annote = {Institutional Theory give us a reason to expect that a global industry constitutes an organisational field whose borders have come to transcend national borders in which there are strong isomorphic pulls on structures and processes not fully accounted for by efficient criteria Institutional Theory = standardisation of services}
}

@article{Lamy:2012tc,
author = {Lamy, P},
title = {{The Future of Europe in the New Global Economy}},
year = {2012}
}

@article{vanEssen:2012cw,
author = {van Essen, Marc and Heugens, Pursey PMAR and Otten, Jordan and van Oosterhout, J Hans},
title = {{An institution-based view of executive compensation: A multilevel meta-analytic test}},
year = {2012},
volume = {43},
number = {4},
pages = {396--423},
month = mar
}

@article{Schumpeter:2012tk,
author = {{Schumpeter}},
title = {{Apple versus Samsung: Copy that}},
journal = {Economist},
year = {2012},
pages = {1--3},
month = aug
}

@article{Stearns:2013um,
author = {Stearns, Jonathan},
title = {{EU Hits China With Solar-Panel Duties in Biggest Dumping Row}},
journal = {Bloomberg Businessweek},
year = {2013},
pages = {1--3},
month = jun
}

@article{Dung:2012wh,
author = {D{\~u}ng, Ng{\^o} Vi},
title = {{An Institution-Based View of the Competitive Advantage of Firms in Emerging and Transition Economies}},
journal = {Universit{\'e} Catholique De Louvain},
year = {2012}
}

@article{Prahalad:2003th,
author = {Prahalad, C K and Lieberthal, K},
title = {{The End of Corporate Imperialism}},
journal = {power (megawatt capacity)},
year = {2003}
}

@article{Uhlenbruck:2003jh,
author = {Uhlenbruck, Klaus and Meyer, Klaus E and Hitt, Michael A},
title = {{Organizational Transformation in Transition Economies: Resource-based and Organizational Learning Perspectives}},
journal = {Journal of Management Studies},
year = {2003},
volume = {40},
number = {2},
pages = {257--282},
month = apr
}

@article{Fligstein:2001dj,
author = {Fligstein, Neil},
title = {{Social Skill and the Theory of Fields}},
journal = {Sociological Theory},
year = {2001},
volume = {19},
number = {2},
pages = {105--125},
month = jul
}

@article{Scott:2012ko,
author = {Scott, W Richard},
title = {{The institutional environment of global project organizations}},
journal = {Engineering Project Organization Journal},
year = {2012},
volume = {2},
number = {1-2},
pages = {27--35},
month = jun
}

@article{Ferreira:2010tp,
author = {Ferreira, Manuel Portugal and Serra, Fernando and Reis, Nuno},
title = {{On the adaptation of the firm to the international business environment}},
year = {2010}
}

@article{Scott:2005us,
author = {Scott, W Richard},
title = {{Institutional theory: Contributing to a theoretical research program}},
journal = {Great minds in management: The process of theory development},
year = {2005},
pages = {460--484}
}

@article{Child:1972jb,
author = {Child, John},
title = {{Organizational Structure, Environment and Performance: The Role of Strategic Choice}},
journal = {Sociology},
year = {1972},
volume = {6},
number = {1},
pages = {1--22},
month = jan
}

@article{Barney:1991ur,
author = {Barney, Jay},
title = {{Firm resources and sustained competitive advantage}},
journal = {Journal of management},
year = {1991},
volume = {17},
number = {1},
pages = {99--120}
}

@article{Sit:2000uj,
author = {Sit, VFS and Liu, W},
title = {{Taylor {\&} Francis Online :: Restructuring and Spatial Change of China's Auto Industry under Institutional Reform and Globalization - Annals of the Association of American Geographers - Volume 90, Issue 4}},
journal = {Annals of the Association of American {\ldots}},
year = {2000}
}

@article{Henson:2008gh,
author = {Henson, Spencer and Jaffee, Steven},
title = {{Understanding Developing Country Strategic Responses to the Enhancement of Food Safety Standards}},
journal = {The World Economy},
year = {2008},
volume = {31},
number = {4},
pages = {548--568},
month = apr
}

@article{Carney:2003un,
author = {Carney, M and Gedajlovic, E},
title = {{Strategic Innovation and the Administrative Heritage of East Asian Family Business Groups - Springer}},
journal = {Asia Pacific Journal of Management},
year = {2003}
}

@article{Lawton:2005wo,
author = {Lawton, Thomas C and McGuire, Steven M},
title = {{Adjusting to liberalization: tracing the impact of the WTO on the European textiles and chemicals industries}},
journal = {Business and Politics},
year = {2005}
}

@article{Lund:2005gq,
author = {Lund, M J F},
title = {{Institutions and Development: Electronic Commerce and Economic Growth}},
journal = {Organization Studies},
year = {2005},
volume = {26},
number = {12},
pages = {1743--1763},
month = dec
}

@article{Lawrence:2001tw,
author = {Lawrence, Thomas B and Winn, Monika I and Jennings, P Devereaux},
title = {{The temporal dynamics of institutionalization}},
journal = {Academy of management review},
year = {2001},
volume = {26},
number = {4},
pages = {624--644}
}

@article{Bartlett:1989vl,
author = {Bartlett, Christopher and Ghoshal, Sumantra},
title = {{The transnational solution}},
journal = {Boston: Harvard Business School},
year = {1989}
}

@article{Meyer:1978if,
author = {Meyer, John W and Rowan, B},
title = {{The Structure of Educational Organizations}},
journal = {Accounting, Organizations and Society},
year = {1978},
volume = {11},
number = {4--5},
pages = {78--109}
}

@article{Reich:2004tf,
author = {Reich, Arie},
title = {{WTO as a Law-Harmonizing Institution, The}},
journal = {U. Pa. J. Int'l Econ. L.},
year = {2004},
volume = {25},
pages = {1--62}
}

@article{Newman:2000fc,
author = {Newman, K L},
title = {{ORGANIZATIONAL TRANSFORMATION DURING INSTITUTIONAL UPHEAVAL.}},
journal = {Academy of management review},
year = {2000},
volume = {25},
number = {3},
pages = {602--619},
month = jul
}

@article{Dacin:2002ck,
author = {Dacin, M T and Goodstein, J and Scott, W Richard},
title = {{Institutional Theory and Institutional Change: Introduction to the Special Research Forum}},
journal = {Academy of management journal},
year = {2002},
volume = {45},
number = {1},
pages = {45--56},
month = feb
}

@article{Tacconelli:2008gd,
author = {Tacconelli, Wance and Wrigley, Neil},
title = {{Organizational Challenges and Strategic Responses of Retail TNCs in Post-WTO-Entry China}},
journal = {Economic Geography},
year = {2008},
volume = {85},
number = {1},
pages = {49--73},
month = dec
}

@article{Chittoor:2008cj,
author = {Chittoor, Raveendra and Ray, Sougata and Aulakh, Preet S and Sarkar, M B},
title = {{Strategic responses to institutional changes: `Indigenous growth' model of the Indian pharmaceutical industry}},
journal = {Journal of International Management},
year = {2008},
volume = {14},
number = {3},
pages = {252--269},
month = sep
}

@book{Peng:2000ut,
author = {Peng, Mike W},
title = {{Business Strategies in Transition Economies}},
publisher = {SAGE Publications, Incorporated},
year = {2000}
}

@book{Pfeffer:2003wp,
author = {Pfeffer, Jeffrey and Salancik, Gerals R},
title = {{The External Control of Organizations}},
publisher = {Stanford University Press},
year = {2003},
series = {A Resource Dependence Perspective}
}

@article{Dutton:1991gk,
author = {Dutton, J E and Dukerich, J M},
title = {{Keeping an Eye on the  Mirror: Image and Identity in Organisational Adaption}},
journal = {Academy of management journal},
year = {1991},
volume = {34},
number = {3},
pages = {517--554},
month = sep
}

@booklet{Meyer:2000wi,
title = {{Institutions, Transaction Costs, and Entry Mode Choice in Eastern Europe}},
author = {Meyer, Klaus},
year = {2000}
}

@article{Lewin:1999bv,
author = {Lewin, A Y and Long, C P and Carroll, T N},
title = {{The Coevolution of New Organizational Forms}},
journal = {Organization science},
year = {1999},
volume = {10},
number = {5},
pages = {535--550},
month = sep
}

@article{Barney:2001wq,
author = {Barney, Jay},
title = {{Is the Resource-Based "View" a Useful Perspective for Strategic Management Research? Yes}},
journal = {Academy of management review},
year = {2001},
volume = {26},
number = {1},
pages = {41--56}
}

@article{Reynolds:2009kc,
author = {Reynolds, Kara M},
title = {{From Agreement to Application: An Analysis of Determinations under the WTO Antidumping Agreement}},
journal = {Review of International Economics},
year = {2009},
volume = {17},
number = {5},
pages = {969--985},
month = nov
}

@article{Kim:2002wc,
author = {Kim, Moonhawk},
title = {{Legalized Governance of Economic Globalization: Domestic Institutional Sources of International Legal Obligation in Regional Trade Agreements}},
year = {2002},
volume = {11}
}

@article{Hotho:2012uu,
author = {Hotho, Jasper J and Pedersen, Torben},
title = {{10 Beyond the `rules of the game': three institutional approaches and how they matter for international business}},
journal = {Handbook of institutional approaches to international business},
year = {2012},
pages = {236}
}

@article{Khanna:1997wd,
author = {Khanna, Tarun and Palepu, Krishna},
title = {{Why focused strategies may be wrong for emerging markets}},
journal = {Harvard business review},
year = {1997},
volume = {75},
number = {4},
pages = {41--48}
}

@article{McMillan:vh,
author = {McMillan, John},
title = {{Market Institutions}},
journal = {The New Palgrave Dictionary of Economics}
}

@book{peng2008global,
author = {Peng, Mike W},
title = {{Global Strategy}},
publisher = {Cengage Learning},
year = {2008}
}

@article{Stucchi:2012gx,
author = {Stucchi, Tamara},
title = {{Emerging market firms' acquisitions in advanced markets: Matching strategy with resource-, institution- and industry-based antecedents}},
journal = {European Management Journal},
year = {2012},
volume = {30},
number = {3},
pages = {278--289},
month = jun
}

@article{Lawton:2009vw,
author = {Lawton, Thomas C and Lindeque, Johan P and McGuire, Steven M},
title = {{Multilateralism and the Multinational Enterprise}},
journal = {Business and Politics},
year = {2009},
volume = {11},
number = {2}
}

@article{Goldstein:2007jx,
author = {Goldstein, Judith L and Rivers, Douglas and Tomz, Michael},
title = {{Institutions in International Relations: Understanding the Effects of the GATT and the WTO on World Trade}},
journal = {International Organization},
year = {2007},
volume = {61},
number = {01},
month = jan
}

@article{Czinkota:2006ib,
author = {Czinkota, Michael R},
title = {{Academic freedom for all in higher education: The role of the general agreement on trade in services}},
journal = {Journal of World Business},
year = {2006},
volume = {41},
number = {2},
pages = {149--160},
month = jun
}

@article{Oliver:1991tm,
author = {Oliver, Christine},
title = {{Strategic responses to institutional processes}},
journal = {Academy of management review},
year = {1991},
volume = {16},
number = {1},
pages = {145--179}
}

@article{Peng:2008tb,
author = {Peng, Mike W and Wang, Denis Y L and Jiang, Yi},
title = {{An Institution-Based View of International Business Strategy: A Focus on Emerging Economies}},
journal = {Journal of International Business Studies},
year = {2008},
volume = {39},
number = {5},
pages = {920--936},
month = jul
}

@booklet{Fergusson:2007ws,
title = {{The World Trade Organization: Background and Issues}},
author = {Fergusson, Ian F},
howpublished = {Congressional Research Service},
month = may,
year = {2007}
}

@article{Jackson:2008cz,
author = {Jackson, Gregory and Deeg, Richard},
title = {{Comparing capitalisms: understanding institutional diversity and its implications for international business}},
journal = {Journal of International Business Studies},
year = {2008},
volume = {39},
number = {4},
pages = {540--561},
month = mar
}

@article{Hoskisson:2012jk,
author = {Hoskisson, Robert E and Wright, Mike and Filatotchev, Igor and Peng, Mike W},
title = {{Emerging Multinationals from Mid-Range Economies: The Influence of Institutions and Factor Markets}},
journal = {Journal of Management Studies},
year = {2012},
pages = {n/a--n/a},
month = dec
}

@article{Chaturvedi:2006da,
author = {Chaturvedi, Kalpana and Chataway, Joanna},
title = {{Strategic integration of knowledge in Indian pharmaceutical firms: creating competencies for innovation}},
journal = {International Journal of Business Innovation and Research},
year = {2006},
volume = {1},
number = {1/2},
pages = {27}
}

@article{DiMaggio:1983wt,
author = {DiMaggio, Paul J and Powell, Walter W},
title = {{The iron cage revisited: Institutional isomorphism and collective rationality in organizational fields}},
journal = {American sociological review},
year = {1983},
pages = {147--160}
}

@article{Narayanan:2005wy,
author = {Narayanan, V K and Fahey, Liam},
title = {{The relevance of the institutional underpinnings of Porter's five forces framework to emerging economies: An epistemological analysis}},
journal = {Journal of Management Studies},
year = {2005},
volume = {42},
number = {1},
pages = {207--223}
}

@article{Meyer:2011vt,
author = {Meyer, Klaus E and Mudambi, Ram and Narula, Rajneesh},
title = {{Multinational enterprises and local contexts: the opportunities and challenges of multiple embeddedness}},
journal = {Journal of Management Studies},
year = {2011},
volume = {48},
number = {2},
pages = {235--252}
}

@article{Lawrence:2006tb,
author = {Lawrence, Thomas B and Suddaby, Roy},
title = {{1.6 Institutions and Institutional Work}},
journal = {The Sage handbook of organization studies},
year = {2006},
pages = {215}
}

@article{Henisz:2008vm,
author = {Henisz, Witold and Swaminathan, Anand},
title = {{Introduction: Institutions and International Business}},
journal = {Journal of International Business Studies},
year = {2008},
volume = {39},
number = {4},
pages = {537--539},
month = jun
}

@article{Herschinger:2012uk,
author = {Herschinger, Eva and Koch, Martin},
title = {{Shaping through closure. A discursive perspective on inter-organizational relations in the field of security.}},
year = {2012}
}

@article{Baxter:2008vu,
author = {Baxter, Pamela and Jack, Susan},
title = {{Qualitative case study methodology: Study design and implementation for novice researchers}},
journal = {The Qualitative Report},
year = {2008},
volume = {13},
number = {4},
pages = {544--559}
}

@article{Levy:2002dy,
author = {Levy, David L and Kolk, Ans},
title = {{Strategic responses to global climate change: Conflicting pressures on multinationals in the oil industry}},
journal = {Business and Politics},
year = {2002},
volume = {4},
number = {3},
pages = {275--300}
}

@article{Peng:2009vt,
author = {Peng, Mike W and Sun, Sunny Li and Pinkham, Brian and Chen, Hao},
title = {{The institution-based view as a third leg for a strategy tripod}},
journal = {The Academy of Management Perspectives},
year = {2009},
volume = {23},
number = {3},
pages = {63--81}
}

@article{Chittoor:2009jh,
author = {Chittoor, R and Sarkar, M B and Ray, Sougata and Aulakh, P S},
title = {{Third-World Copycats to Emerging Multinationals: Institutional Changes and Organizational Transformation in the Indian Pharmaceutical Industry}},
journal = {Organization science},
year = {2009},
volume = {20},
number = {1},
pages = {187--205},
month = jan,
annote = {Our study contributes to existing research on the abil- ity of organizations to respond to exogenous sources of disruption and its effects on their performance (Henderson and Clark 1990).
}
}

@article{Scott:2008tk,
author = {Scott, W Richard},
title = {{Approaching Adulthood: The Maturing of Institutional Theory}},
journal = {Theory and Society},
year = {2008},
volume = {37},
number = {5},
pages = {427--442},
month = oct
}

@article{Jepperson:1991tu,
author = {Jepperson, Ronald L and Meyer, John W},
title = {{The public order and the construction of formal organizations}},
journal = {The new institutionalism in organizational analysis},
year = {1991},
volume = {204231}
}

@article{Hutzschenreuter:2011bv,
author = {Hutzschenreuter, Thomas and Lewin, Arie Y and Ressler, Wolfgang},
title = {{The growth of white-collar offshoring: Germany and the US from 1980 to 2006}},
journal = {European Management Journal},
year = {2011},
volume = {29},
number = {4},
pages = {245--259},
month = aug
}

@book{WorldTradeOrganization:2008tz,
author = {{World Trade Organization}},
title = {{Understanding the WTO}},
publisher = {World Trade Organization},
year = {2008}
}

@article{Oliver:1988un,
author = {Oliver, Christine},
title = {{The collective strategy framework: An application to competing predictions of isomorphism}},
journal = {Administrative science quarterly},
year = {1988},
pages = {543--561}
}

@article{Sokol:2009wr,
author = {Sokol, D Daniel},
title = {{Antitrust, Institutions, and Merger Control}},
journal = {Geo. Mason L. Rev.},
year = {2009},
volume = {17},
pages = {1055}
}

@article{FoxWolfgramm:1998vu,
author = {Fox-Wolfgramm, Susan J and Boal, Kimberly B and Hunt, James G Jerry},
title = {{Organizational Adaptation to Institutional Change: A Comparative Study of First-Order Change in Prospector and Defender Banks}},
journal = {Administrative science quarterly},
year = {1998},
volume = {43},
number = {1},
pages = {87--126},
month = mar
}

@article{Peng:2003tt,
author = {Peng, Mike W and Ruban, Yelena},
title = {{Institutional Transactions and Strategic Choices: Implications for Corporate Social Responsibility in Russia}},
year = {2003}
}

@article{Zucker:1987vn,
author = {Zucker, L G},
title = {{Institutional theories of organization}},
journal = {Annual review of sociology},
year = {1987}
}

@article{Peng:2003uh,
author = {Peng, Mike W},
title = {{Institutional transitions and strategic choices}},
journal = {Academy of management review},
year = {2003},
volume = {28},
number = {2},
pages = {275--296}
}

@article{Scott:1987uq,
author = {Scott, W Richard},
title = {{The adolescence of institutional theory}},
journal = {Administrative science quarterly},
year = {1987},
pages = {493--511}
}

@article{Wade:2003uw,
author = {Wade, Robert Hunter},
title = {{What strategies are viable for developing countries today? The World Trade Organization and the shrinking of `development space'}},
journal = {Review of international political economy},
year = {2003},
volume = {10},
number = {4},
pages = {621--644}
}

@article{Bartlett:1999th,
author = {Bartlett, Christopher A and Ghoshal, Sumantra},
title = {{Managing across borders: The transnational solution}},
year = {1999},
volume = {2}
}

@article{Hargadon:2001dl,
author = {Hargadon, Andrew B and Douglas, Yellowlees},
title = {{When Innovations Meet Institutions: Edison and the Design of the Electric Light}},
journal = {Administrative science quarterly},
year = {2001},
volume = {46},
number = {3},
pages = {476},
month = sep
}

@article{Oliver:1997wj,
author = {Oliver, Christine},
title = {{Sustainable competitive advantage: Combining institutional and resource-based views}},
journal = {Strategic Management Journal},
year = {1997},
volume = {18},
number = {9},
pages = {697--713}
}

@article{Priem:2001vd,
author = {Priem, Richard L and Butler, John E},
title = {{Is the resource-based "view" a useful perspective for strategic management research?}},
journal = {Academy of management review},
year = {2001},
pages = {22--40}
}

@article{Scott:2010us,
author = {Scott, W Richard},
title = {{Reflections: The past and future of research on institutions and institutional change}},
journal = {Journal of Change Management},
year = {2010},
volume = {10},
number = {1},
pages = {5--21}
}

