%% This BibTeX bibliography file was created using BibDesk.
%% http://bibdesk.sourceforge.net/


%% Created for Duco at 2013-07-01 17:35:36 +0200 


%% Saved with string encoding Unicode (UTF-8) 



@article{McMillan:2008,
	Address = {Basingstoke},
	Author = {McMillan, John},
	Booktitle = {The New Palgrave Dictionary of Economics},
	Date-Modified = {2013-07-01 15:35:33 +0000},
	Editor = {Durlauf, Steven N. and Blume, Lawrence E.},
	Publisher = {Palgrave Macmillan},
	Title = {Market Institutions},
	Year = {2008}}
