%% This BibTeX bibliography file was created using BibDesk.
%% http://bibdesk.sourceforge.net/


%% Created for Duco at 2013-12-08 19:40:06 +0100 


%% Saved with string encoding Unicode (UTF-8) 



@article{The-International-Herald-Tribune:2008,
	Author = {{The International Herald Tribune}},
	Date-Added = {2013-12-05 15:10:07 +0000},
	Date-Modified = {2013-12-05 15:11:05 +0000},
	Day = {12},
	Journaltitle = {The International Herald Tribune},
	Month = {06},
	Pages = {16},
	Title = {Daiichi of Japan to acquire India generics maker},
	Urldate = {2013-11-30},
	Year = {2008}}

@article{The-Nikkei-Weekly:2006,
	Annote = {(The Business Times Singapore May 25, 2006 Thursday and The Nikkei Weekly (Japan), May 8, 2006 Monday) },
	Author = {{The Nikkei Weekly}},
	Date-Added = {2013-12-05 15:02:29 +0000},
	Date-Modified = {2013-12-05 15:08:41 +0000},
	Journaltitle = {The Nikkei Weekly},
	Title = {India eyes global generic drug trade},
	Urldate = {2013-11-30},
	Year = {2006}}

@article{The-New-York-Times:2011,
	Author = {{The New York Times}},
	Date-Added = {2013-12-03 14:32:14 +0000},
	Date-Modified = {2013-12-03 14:33:17 +0000},
	Journaltitle = {The New York Times},
	Title = {Roche's Bloc of Heirs Lose Majority Vote After One Bolts},
	Url = {www.nytimes.com},
	Urlday = {3},
	Urlmonth = {12},
	Urlyear = {2013},
	Year = {2011},
	Bdsk-Url-1 = {www.nytimes.com}}

@article{Economic-Times:2011,
	Author = {{The Economic Times}},
	Date = {2011-11-15},
	Date-Added = {2013-12-03 11:39:45 +0000},
	Date-Modified = {2013-12-03 16:02:44 +0000},
	Journaltitle = {The Economic Times},
	Title = {HCL Tech has best revenue per employee in IT sector},
	Urldate = {2013-11-30},
	Year = {2011}}

@article{TELEGRAPH:2004,
	Author = {{The Daily Telegraph}},
	Date-Added = {2013-12-03 10:49:01 +0000},
	Date-Modified = {2013-12-03 10:51:59 +0000},
	Journaltitle = {The Daily Telegraph},
	Title = {The lab pirates teaching the West how to fill the world's prescriptions India's pharmaceutical expertise is fast making it a global player},
	Url = {http://www.telegraph.co.uk/},
	Urlday = {30},
	Urlmonth = {11},
	Urlyear = {2013},
	Year = {2004},
	Bdsk-Url-1 = {http://www.telegraph.co.uk/}}

@article{Singapore:2006,
	Abstract = {The Business Times Singapore May 25, 2006},
	Author = {{The Business Times Singapore}},
	Date-Added = {2013-12-02 15:59:04 +0000},
	Date-Modified = {2013-12-02 16:09:27 +0000},
	Journaltitle = {The Business Times Singapore},
	Title = {Indian pharma firms go shopping abroad; They are acquiring Western companies to overcome the restrictions of a new patent regime},
	Urlday = {30},
	Urlmonth = {11},
	Urlyear = {2013},
	Year = {2006}}

@report{Capgemini:2013,
	Author = {Capgemini},
	Date-Added = {2013-12-02 15:53:27 +0000},
	Date-Modified = {2013-12-02 15:54:08 +0000},
	Title = {Annual Report 2012},
	Type = {Annual Report},
	Year = {2013}}

@report{Gardner:2013,
	Author = {Gardner},
	Date-Added = {2013-09-28 17:54:09 +0000},
	Date-Modified = {2013-09-28 17:55:23 +0000},
	Institution = {Gardner},
	Title = {Magic Quadrant for IT Services for Communications Service Providers},
	Year = {2013},
	Bdsk-File-1 = {YnBsaXN0MDDUAQIDBAUGJCVYJHZlcnNpb25YJG9iamVjdHNZJGFyY2hpdmVyVCR0b3ASAAGGoKgHCBMUFRYaIVUkbnVsbNMJCgsMDxJXTlMua2V5c1pOUy5vYmplY3RzViRjbGFzc6INDoACgAOiEBGABIAFgAdccmVsYXRpdmVQYXRoWWFsaWFzRGF0YV8QZS4uLy4uLy4uL0Ryb3Bib3gvVGhlc2lzX0FydGljbGVzL0RvY3VtZW50ZW4vQXJ0aWNsZXMvR2FyZG5lci9NYWdpYyBRdWFkcmFudCBmb3IgSVQgU2VydmljZXNfMjAxM2EucGRm0hcLGBlXTlMuZGF0YU8RAjQAAAAAAjQAAgAACE1hYyBPUyBYAAAAAAAAAAAAAAAAAAAAAAAAAM2GQdVIKwAAALp5rB9NYWdpYyBRdWFkcmFudCBmb3IgSSNCQTU4MDAucGRmAAAAAAAAAAAAAAAAAAAAAAAAAAAAAAAAAAAAAAAAAAAAulgAzmzBvQAAAAAAAAAAAAMABgAACSAAAAAAAAAAAAAAAAAAAAAHR2FyZG5lcgAAEAAIAADNhiW1AAAAEQAIAADObKWdAAAAAQAcALp5rAAJt5MACbduAAm3VgAJtlQABetdAAIQ1QACAG5NYWMgT1MgWDpVc2VyczoAZHVjbzoARHJvcGJveDoAVGhlc2lzX0FydGljbGVzOgBEb2N1bWVudGVuOgBBcnRpY2xlczoAR2FyZG5lcjoATWFnaWMgUXVhZHJhbnQgZm9yIEkjQkE1ODAwLnBkZgAOAFIAKABNAGEAZwBpAGMAIABRAHUAYQBkAHIAYQBuAHQAIABmAG8AcgAgAEkAVAAgAFMAZQByAHYAaQBjAGUAcwBfADIAMAAxADMAYQAuAHAAZABmAA8AEgAIAE0AYQBjACAATwBTACAAWAASAGdVc2Vycy9kdWNvL0Ryb3Bib3gvVGhlc2lzX0FydGljbGVzL0RvY3VtZW50ZW4vQXJ0aWNsZXMvR2FyZG5lci9NYWdpYyBRdWFkcmFudCBmb3IgSVQgU2VydmljZXNfMjAxM2EucGRmAAATAAEvAAAVAAIAC///AACABtIbHB0eWiRjbGFzc25hbWVYJGNsYXNzZXNdTlNNdXRhYmxlRGF0YaMdHyBWTlNEYXRhWE5TT2JqZWN00hscIiNcTlNEaWN0aW9uYXJ5oiIgXxAPTlNLZXllZEFyY2hpdmVy0SYnVHJvb3SAAQAIABEAGgAjAC0AMgA3AEAARgBNAFUAYABnAGoAbABuAHEAcwB1AHcAhACOAPYA+wEDAzsDPQNCA00DVgNkA2gDbwN4A30DigONA58DogOnAAAAAAAAAgEAAAAAAAAAKAAAAAAAAAAAAAAAAAAAA6k=}}

@book{sanchez:1996,
	Author = {Sanchez, R. and Heene, A. and Thomas, H.},
	Date-Added = {2013-09-11 10:13:19 +0000},
	Date-Modified = {2013-09-11 10:13:35 +0000},
	Isbn = {9780080425856},
	Lccn = {95042283},
	Publisher = {Pergamon},
	Series = {Technology, innovation, entrepreneurship, and competitive strategy series},
	Title = {Dynamics of competence-based competition: theory and practice in the new strategic management},
	Url = {http://books.google.nl/books?id=q40oAQAAMAAJ},
	Year = {1996},
	Bdsk-Url-1 = {http://books.google.nl/books?id=q40oAQAAMAAJ}}

@www{WTO:2013Whatis,
	Author = {{World Trade Organization}},
	Date-Added = {2013-08-23 14:37:16 +0000},
	Date-Modified = {2013-08-23 14:38:51 +0000},
	Title = {The WTO \ldots In brief},
	Url = {http://www.wto.org/english/thewto_e/whatis_e/inbrief_e/inbr00_e.htm},
	Urldate = {2013},
	Year = {2013},
	Bdsk-Url-1 = {http://www.wto.org/english/thewto_e/whatis_e/inbrief_e/inbr00_e.htm}}

@book{Scott:1995,
	Author = {Scott, W Richard},
	Date-Added = {2013-08-10 07:20:14 +0000},
	Date-Modified = {2013-08-10 08:25:25 +0000},
	Isbn = {9780803956537},
	Lccn = {lc95010016},
	Publisher = {SAGE Publications},
	Series = {Foundations for Organizational Science},
	Title = {Institutions and Organizations},
	Url = {http://books.google.nl/books?id=BfMSSgAACAAJ},
	Year = {1995},
	Bdsk-Url-1 = {http://books.google.nl/books?id=BfMSSgAACAAJ}}

@book{Scott:2008,
	Author = {Scott, W Richard},
	Date-Added = {2013-08-10 07:17:50 +0000},
	Date-Modified = {2013-08-10 08:25:18 +0000},
	Isbn = {9781412950909},
	Lccn = {2007020493},
	Publisher = {SAGE Publications},
	Series = {Foundations for organizational science},
	Title = {Institutions and Organizations: Ideas and Interests},
	Url = {http://books.google.nl/books?id=7Y-0bDCw\_aEC},
	Year = {2008},
	Bdsk-Url-1 = {http://books.google.nl/books?id=7Y-0bDCw%5C_aEC}}

@article{Times:2013,
	Author = {Amy Kazmin},
	Date-Added = {2013-08-07 09:35:32 +0000},
	Date-Modified = {2013-08-07 09:57:08 +0000},
	Journaltitle = {Financial Times},
	Title = {India: Nation's stance on IP raises pharma fears},
	Url = {http://www.ft.com/intl/cms/s/0/d045e72e-b710-11e2-a249-00144feabdc0.html#axzz2bH4RKZS9},
	Urlday = {7},
	Urlmonth = {8},
	Urlyear = {2013},
	Year = {2013},
	Bdsk-Url-1 = {http://www.ft.com/intl/cms/s/0/d045e72e-b710-11e2-a249-00144feabdc0.html#axzz2bH4RKZS9}}

@inbook{Tushman:1985,
	Author = {Michael L. Tushman and Elisabeth Romanelli},
	Booktitle = {Organization Change: A Comprehensive Reader},
	Date-Added = {2013-08-05 06:52:38 +0000},
	Date-Modified = {2013-08-05 07:37:16 +0000},
	Isbn = {9780470260562},
	Lccn = {2008015954},
	Publisher = {John Wiley \& Sons},
	Series = {J-B Warren Bennis Series},
	Title = {Organisational Evolution},
	Url = {http://books.google.nl/books?id=JZ0rkeNvVkcC},
	Year = {1985},
	Bdsk-Url-1 = {http://books.google.nl/books?id=JZ0rkeNvVkcC}}

@book{Irwin:2003,
	Author = {Irwin, D.A.},
	Date-Added = {2013-08-02 13:35:31 +0000},
	Date-Modified = {2013-08-02 13:35:35 +0000},
	Isbn = {9780691116341},
	Publisher = {Princeton University Press},
	Series = {Princeton paperbacks : Economics, current events},
	Title = {Free Trade Under Fire},
	Url = {http://books.google.nl/books?id=DPMXnaC9Wl8C},
	Year = {2003},
	Bdsk-Url-1 = {http://books.google.nl/books?id=DPMXnaC9Wl8C}}

@book{Bhagwati:2003,
	Author = {Bhagwati, J.N.},
	Date-Added = {2013-08-02 13:33:11 +0000},
	Date-Modified = {2013-08-02 13:33:23 +0000},
	Isbn = {9780691117300},
	Lccn = {2001036913},
	Publisher = {Princeton University Press},
	Series = {Princeton paperbacks : Economics},
	Title = {Free Trade Today},
	Url = {http://books.google.nl/books?id=UKVs28041lsC},
	Year = {2003},
	Bdsk-Url-1 = {http://books.google.nl/books?id=UKVs28041lsC}}

@book{Wilkinson:2013,
	Author = {Wilkinson, R.},
	Date-Added = {2013-08-01 15:37:48 +0000},
	Date-Modified = {2013-08-01 15:39:13 +0000},
	Isbn = {9781136016707},
	Publisher = {Taylor \& Francis},
	Title = {The WTO: Crisis and the Governance of Global Trade},
	Url = {http://books.google.nl/books?id=lOGuASB8b-0C&dq=wto+conceptualisation+institution&source=gbs_navlinks_s},
	Year = {2013},
	Bdsk-Url-1 = {http://books.google.nl/books?id=lOGuASB8b-0C&dq=wto+conceptualisation+institution&source=gbs_navlinks_s}}

@book{Hoda:2001,
	Author = {Hoda, A.},
	Date-Added = {2013-08-01 15:25:32 +0000},
	Date-Modified = {2013-08-01 15:25:32 +0000},
	Isbn = {9780521804493},
	Lccn = {2002278878},
	Publisher = {Cambridge University Press},
	Series = {WTO Internal Only Series},
	Title = {Tariff Negotiations and Renegotiations Under the GATT and the WTO: Procedures and Practices},
	Url = {http://books.google.nl/books?id=C0JAQpRPWvoC},
	Year = {2001},
	Bdsk-Url-1 = {http://books.google.nl/books?id=C0JAQpRPWvoC}}

@book{Bown:2010,
	Author = {Bown, C.P. and Pauwelyn, J.},
	Date-Added = {2013-08-01 14:35:36 +0000},
	Date-Modified = {2013-08-01 14:35:36 +0000},
	Isbn = {9780521119979},
	Lccn = {2009035292},
	Publisher = {Cambridge University Press},
	Series = {Cambridge International Trade and Economic Law},
	Title = {The Law, Economics and Politics of Retaliation in WTO Dispute Settlement},
	Url = {http://books.google.nl/books?id=bXs79wzGB9YC},
	Year = {2010},
	Bdsk-Url-1 = {http://books.google.nl/books?id=bXs79wzGB9YC}}

@www{WTO:2013c,
	Author = {{World Trade Organization}},
	Date-Added = {2013-08-01 14:32:26 +0000},
	Date-Modified = {2013-12-08 16:47:26 +0000},
	Title = {Introduction to the WTO dispute settlement system},
	Url = {http://www.wto.org/english/tratop_e/dispu_e/disp_settlement_cbt_e/c1s4p1_e.htm},
	Year = {2013},
	Bdsk-Url-1 = {http://www.wto.org/english/tratop_e/dispu_e/disp_settlement_cbt_e/c1s4p1_e.htm}}

@www{WTO:2013b,
	Author = {{World Trade Organization}},
	Date-Added = {2013-08-01 14:29:34 +0000},
	Date-Modified = {2013-08-10 08:43:33 +0000},
	Title = {Overview: the TRIPS Agreement},
	Url = {http://www.wto.org/english/tratop_e/trips_e/intel2_e.htm},
	Year = {2013},
	Bdsk-Url-1 = {http://www.wto.org/english/tratop_e/trips_e/intel2_e.htm}}

@www{WTO:2013a,
	Author = {{World Trade Organization}},
	Date-Added = {2013-08-01 14:21:35 +0000},
	Date-Modified = {2013-08-10 08:50:03 +0000},
	Subtitle = {A unique contribution},
	Title = {Understanding The WTO: Settling Disputes},
	Url = {http://www.wto.org/english/thewto_e/whatis_e/tif_e/disp1_e.htm},
	Year = {2013},
	Bdsk-Url-1 = {http://www.wto.org/english/thewto_e/whatis_e/tif_e/disp1_e.htm}}

@www{WTO:2013,
	Author = {{World Trade Organization}},
	Date-Added = {2013-08-01 14:16:15 +0000},
	Date-Modified = {2013-08-10 08:50:29 +0000},
	Subtitle = {Progress made but some difficult issues remain},
	Title = {Implementation Issues},
	Url = {http://www.wto.org/english/thewto_e/minist_e/min05_e/brief_e/brief18_e.htm},
	Year = {2013},
	Bdsk-Url-1 = {http://www.wto.org/english/thewto_e/minist_e/min05_e/brief_e/brief18_e.htm}}

@book{Dunning:2008,
	Author = {Dunning, J.H. and Lundan, S.M.},
	Date-Added = {2013-07-29 07:44:42 +0000},
	Date-Modified = {2013-07-29 07:44:52 +0000},
	Isbn = {9781848441323},
	Lccn = {2008926565},
	Publisher = {Edward Elgar Publishing, Incorporated},
	Title = {Multinational Enterprises and the Global Economy},
	Url = {http://books.google.nl/books?id=Hz6S4BGmGxUC},
	Year = {2008},
	Bdsk-Url-1 = {http://books.google.nl/books?id=Hz6S4BGmGxUC}}

@article{The-Economist:2009,
	Author = {{The Economist}},
	Date-Added = {2013-07-26 14:01:46 +0000},
	Date-Modified = {2013-10-29 10:43:37 +0000},
	Day = {13},
	File = {{Economist 2009-1.pdf:/Users/duco/Dropbox/Papers2/Articles/2009/Unknown/Economist 2009-1.pdf:application/pdf}},
	Journal = {Economist},
	Journaltitle = {The Economist},
	Local-Url = {file://localhost/Users/duco/Dropbox/Papers2/Articles/2009/Unknown/Economist%202009-1.pdf},
	Month = aug,
	Pages = {1--3},
	Rating = {0},
	Read = {Yes},
	Title = {{Boeing and Airbus argue about subsidies}},
	Uri = {\url{papers2://publication/uuid/8CD20A06-A42F-4533-BA98-DA20C240FA49}},
	Year = {2009},
	Bdsk-File-1 = {YnBsaXN0MDDUAQIDBAUGJCVYJHZlcnNpb25YJG9iamVjdHNZJGFyY2hpdmVyVCR0b3ASAAGGoKgHCBMUFRYaIVUkbnVsbNMJCgsMDxJXTlMua2V5c1pOUy5vYmplY3RzViRjbGFzc6INDoACgAOiEBGABIAFgAdccmVsYXRpdmVQYXRoWWFsaWFzRGF0YV8QQy4uLy4uLy4uL0Ryb3Bib3gvUGFwZXJzMi9BcnRpY2xlcy8yMDA5L1Vua25vd24vRWNvbm9taXN0IDIwMDktMS5wZGbSFwsYGVdOUy5kYXRhTxEB0gAAAAAB0gACAAAITWFjIE9TIFgAAAAAAAAAAAAAAAAAAAAAAAAAzYZB1UgrAAAAilSrFEVjb25vbWlzdCAyMDA5LTEucGRmAAAAAAAAAAAAAAAAAAAAAAAAAAAAAAAAAAAAAAAAAAAAAAAAAAAAAAAAAACKVKzN1MeFAAAAAAAAAAAAAwAGAAAJIAAAAAAAAAAAAAAAAAAAAAdVbmtub3duAAAQAAgAAM2GJbUAAAARAAgAAM3Uq2UAAAABABwAilSrAIpUkQCKU8EAilO7AAm2VAAF610AAhDVAAIAVU1hYyBPUyBYOlVzZXJzOgBkdWNvOgBEcm9wYm94OgBQYXBlcnMyOgBBcnRpY2xlczoAMjAwOToAVW5rbm93bjoARWNvbm9taXN0IDIwMDktMS5wZGYAAA4AKgAUAEUAYwBvAG4AbwBtAGkAcwB0ACAAMgAwADAAOQAtADEALgBwAGQAZgAPABIACABNAGEAYwAgAE8AUwAgAFgAEgBFVXNlcnMvZHVjby9Ecm9wYm94L1BhcGVyczIvQXJ0aWNsZXMvMjAwOS9Vbmtub3duL0Vjb25vbWlzdCAyMDA5LTEucGRmAAATAAEvAAAVAAIAC///AACABtIbHB0eWiRjbGFzc25hbWVYJGNsYXNzZXNdTlNNdXRhYmxlRGF0YaMdHyBWTlNEYXRhWE5TT2JqZWN00hscIiNcTlNEaWN0aW9uYXJ5oiIgXxAPTlNLZXllZEFyY2hpdmVy0SYnVHJvb3SAAQAIABEAGgAjAC0AMgA3AEAARgBNAFUAYABnAGoAbABuAHEAcwB1AHcAhACOANQA2QDhArcCuQK+AskC0gLgAuQC6wL0AvkDBgMJAxsDHgMjAAAAAAAAAgEAAAAAAAAAKAAAAAAAAAAAAAAAAAAAAyU=}}

@article{The-Economist:2009a,
	Author = {{The Economist}},
	Date-Added = {2013-07-26 14:01:46 +0000},
	Date-Modified = {2013-10-29 10:44:04 +0000},
	Day = {13},
	File = {{Economist 2009.pdf:/Users/duco/Dropbox/Papers2/Articles/2009/Unknown/Economist 2009.pdf:application/pdf}},
	Journal = {Economist},
	Journaltitle = {The Economist},
	Local-Url = {file://localhost/Users/duco/Dropbox/Papers2/Articles/2009/Unknown/Economist%202009.pdf},
	Month = aug,
	Pages = {1--2},
	Rating = {0},
	Read = {Yes},
	Title = {{A dogfight no one can win}},
	Uri = {\url{papers2://publication/uuid/7309F974-2859-4645-BB07-EFDF46A0BC2D}},
	Year = {2009},
	Bdsk-File-1 = {YnBsaXN0MDDUAQIDBAUGJCVYJHZlcnNpb25YJG9iamVjdHNZJGFyY2hpdmVyVCR0b3ASAAGGoKgHCBMUFRYaIVUkbnVsbNMJCgsMDxJXTlMua2V5c1pOUy5vYmplY3RzViRjbGFzc6INDoACgAOiEBGABIAFgAdccmVsYXRpdmVQYXRoWWFsaWFzRGF0YV8QQS4uLy4uLy4uL0Ryb3Bib3gvUGFwZXJzMi9BcnRpY2xlcy8yMDA5L1Vua25vd24vRWNvbm9taXN0IDIwMDkucGRm0hcLGBlXTlMuZGF0YU8RAcoAAAAAAcoAAgAACE1hYyBPUyBYAAAAAAAAAAAAAAAAAAAAAAAAAM2GQdVIKwAAAIpUqxJFY29ub21pc3QgMjAwOS5wZGYAAAAAAAAAAAAAAAAAAAAAAAAAAAAAAAAAAAAAAAAAAAAAAAAAAAAAAAAAAAAAilStzdjRqgAAAAAAAAAAAAMABgAACSAAAAAAAAAAAAAAAAAAAAAHVW5rbm93bgAAEAAIAADNhiW1AAAAEQAIAADN2LWKAAAAAQAcAIpUqwCKVJEAilPBAIpTuwAJtlQABetdAAIQ1QACAFNNYWMgT1MgWDpVc2VyczoAZHVjbzoARHJvcGJveDoAUGFwZXJzMjoAQXJ0aWNsZXM6ADIwMDk6AFVua25vd246AEVjb25vbWlzdCAyMDA5LnBkZgAADgAmABIARQBjAG8AbgBvAG0AaQBzAHQAIAAyADAAMAA5AC4AcABkAGYADwASAAgATQBhAGMAIABPAFMAIABYABIAQ1VzZXJzL2R1Y28vRHJvcGJveC9QYXBlcnMyL0FydGljbGVzLzIwMDkvVW5rbm93bi9FY29ub21pc3QgMjAwOS5wZGYAABMAAS8AABUAAgAL//8AAIAG0hscHR5aJGNsYXNzbmFtZVgkY2xhc3Nlc11OU011dGFibGVEYXRhox0fIFZOU0RhdGFYTlNPYmplY3TSGxwiI1xOU0RpY3Rpb25hcnmiIiBfEA9OU0tleWVkQXJjaGl2ZXLRJidUcm9vdIABAAgAEQAaACMALQAyADcAQABGAE0AVQBgAGcAagBsAG4AcQBzAHUAdwCEAI4A0gDXAN8CrQKvArQCvwLIAtYC2gLhAuoC7wL8Av8DEQMUAxkAAAAAAAACAQAAAAAAAAAoAAAAAAAAAAAAAAAAAAADGw==}}

@book{Peng:2008b,
	Author = {Peng, Mike W},
	Date-Added = {2013-07-26 13:59:50 +0000},
	Date-Modified = {2013-07-26 13:59:50 +0000},
	Isbn = {9780324590999},
	Pmid = {2008931990},
	Publisher = {Cengage Learning},
	Rating = {0},
	Title = {{Global Strategy}},
	Uri = {\url{papers2://publication/uuid/9DC9E41E-6FA5-45B5-8A0E-ED5202533B27}},
	Url = {http://books.google.nl/books?id=EizYm46Kv\_AC},
	Year = {2008},
	Bdsk-Url-1 = {http://books.google.nl/books?id=EizYm46Kv%5C_AC}}

@article{Fisher:1939,
	Author = {Fisher, Allan GB},
	Date-Added = {2013-07-19 09:38:20 +0000},
	Date-Modified = {2013-07-19 09:38:26 +0000},
	Journal = {Economic Record},
	Number = {1},
	Pages = {24--38},
	Publisher = {Wiley Online Library},
	Title = {Production, primary, secondary and tertiary},
	Volume = {15},
	Year = {1939}}

@article{Pettigrew:1990,
	Author = {Pettigrew, Andrew M},
	Date-Added = {2013-07-18 21:51:39 +0000},
	Date-Modified = {2013-07-18 21:53:26 +0000},
	Journal = {Organization science},
	Number = {3},
	Pages = {267--292},
	Publisher = {INFORMS},
	Title = {Longitudinal field research on change: theory and practice},
	Volume = {1},
	Year = {1990}}

@book{Shenkar:2006,
	Author = {Shenkar, Oded},
	Date-Added = {2013-07-13 12:00:06 +0000},
	Date-Modified = {2013-07-15 16:02:15 +0000},
	Publisher = {Pearson Education},
	Title = {The Chinese century: The rising Chinese economy and its impact on the global economy, the balance of power, and your job},
	Year = {2006}}

@book{Seligman:2008,
	Author = {Seligman, Scott D},
	Date-Added = {2013-07-13 11:58:56 +0000},
	Date-Modified = {2013-07-15 16:02:15 +0000},
	Publisher = {Hachette Digital, Inc.},
	Title = {Chinese Business Etiquette: A Guide to Protocol, Manners, and Culture in thePeople's Republic of China},
	Year = {2008}}

@article{McMillan:2008,
	Address = {Basingstoke},
	Author = {McMillan, John},
	Booktitle = {The New Palgrave Dictionary of Economics},
	Date-Added = {2013-07-02 06:57:49 +0000},
	Date-Modified = {2013-12-04 20:20:05 +0000},
	Editor = {Durlauf, Steven N. and Blume, Lawrence E.},
	Publisher = {Palgrave Macmillan},
	Title = {Market Institutions},
	Year = {2008}}

@www{Mayell:2003,
	Author = {Hillary Mayell},
	Date = {2003-02-20},
	Date-Added = {2013-06-07 09:33:10 +0000},
	Date-Modified = {2013-12-05 08:58:54 +0000},
	Title = {When Did "Modern" Behavior Emerge in Humans?},
	Url = {http://news.nationalgeographic.com/news/2003/02/0220_030220_humanorigins2.html},
	Urldate = {2013-06-06},
	Year = {2003},
	Bdsk-Url-1 = {http://news.nationalgeographic.com/news/2003/02/0220_030220_humanorigins2.html}}

@article{Heckscher:1936,
	Author = {Heckscher, Eli F.},
	Cr = {Copyright \copyright 1936 Economic History Society},
	Date = {1936-01-11},
	Date-Added = {2013-05-08 13:37:22 +0000},
	Date-Modified = {2013-12-05 08:58:27 +0000},
	Doi = {10.2307/2590732},
	Isbn = {00130117},
	Journal = {The Economic History Review},
	Keywords = {mercantilism},
	M1 = {ArticleType: research-article / Full publication date: Nov., 1936 / Copyright {\copyright}1936 Economic History Society},
	Number = {1},
	Pages = {44--54},
	Publisher = {Wiley on behalf of the Economic History Society},
	Title = {Revisions in Economic History: V. Mercantilism},
	Ty = {JOUR},
	Url = {http://www.jstor.org/stable/2590732},
	Volume = {7},
	Year = {1936},
	Bdsk-Url-1 = {http://www.jstor.org/stable/2590732},
	Bdsk-Url-2 = {http://dx.doi.org/10.2307/2590732}}

@article{OSullivan:2003,
	Author = {O'Sullivan, Arthur and Sheffrin, Steven M},
	Date-Added = {2013-05-08 13:01:14 +0000},
	Date-Modified = {2013-07-15 16:02:15 +0000},
	Journal = {Economics: Principles in Action},
	Keywords = {Trade History},
	Pages = {443},
	Title = {Economics: Principles in Action},
	Year = {2003}}

@book{Fernandez-Armesto:2003,
	Author = {Felipe Fern{\'a}ndez-Armesto},
	Date-Added = {2013-05-08 12:45:16 +0000},
	Date-Modified = {2013-07-15 16:02:15 +0000},
	Keywords = {Trade History},
	Publisher = {DK Publishing},
	Title = {Ideas That Changed the World},
	Year = {2003}}

@www{Henahan:2002,
	Author = {Sean Henahan,},
	Date-Added = {2013-05-08 12:43:36 +0000},
	Date-Modified = {2013-07-15 16:02:15 +0000},
	Keywords = {Trade History},
	Title = {Art Prehistory},
	Url = {http://www.accessexcellence.org/WN/SU/caveart.php},
	Year = {2002},
	Bdsk-Url-1 = {http://www.accessexcellence.org/WN/SU/caveart.php}}

@book{Miller:2006,
	Author = {Barbra Miller and Bernard Wood and Andrew Balansky and Julio Mercader and Melissa Panger},
	Date-Added = {2013-05-08 12:34:48 +0000},
	Date-Modified = {2013-12-08 18:40:06 +0000},
	Editor = {Allyn and Bacon},
	Keywords = {Trade History},
	Title = {Anthropology},
	Year = {2006}}

@article{Shaffer:2005,
	Author = {Shaffer, Gregory C},
	Date-Added = {2013-02-26 15:55:17 +0000},
	Date-Modified = {2013-07-15 16:02:15 +0000},
	Journal = {World Trade Review},
	Number = {3},
	Pages = {429--438},
	Title = {The Role of the WTO Director-General and Secretariat},
	Ty = {JOUR},
	Volume = {4},
	Year = {2005},
	Bdsk-File-1 = {YnBsaXN0MDDUAQIDBAUGJCVYJHZlcnNpb25YJG9iamVjdHNZJGFyY2hpdmVyVCR0b3ASAAGGoKgHCBMUFRYaIVUkbnVsbNMJCgsMDxJXTlMua2V5c1pOUy5vYmplY3RzViRjbGFzc6INDoACgAOiEBGABIAFgAdccmVsYXRpdmVQYXRoWWFsaWFzRGF0YV8Qey4uLy4uLy4uL0Ryb3Bib3gvVGhlc2lzX0FydGljbGVzL0RvY3VtZW50ZW4vQXJ0aWNsZXMvU2hhZmZlci9UaGUgUm9sZSBvZiB0aGUgV1RPIERpcmVjdG9yLUdlbmVyYWwgYW5kIFNlY3JldGFyaWF0XzIwMDVhLnBkZtIXCxgZV05TLmRhdGFPEQJ2AAAAAAJ2AAIAAAhNYWMgT1MgWAAAAAAAAAAAAAAAAAAAAAAAAADNhkHVSCsAAAAJt68fVGhlIFJvbGUgb2YgdGhlIFdUTyBEIzlDQjNDLnBkZgAAAAAAAAAAAAAAAAAAAAAAAAAAAAAAAAAAAAAAAAAAAAnLPM1boohQREYgAAAAAAADAAYAAAkgAAAAAAAAAAAAAAAAAAAAB1NoYWZmZXIAABAACAAAzYYltQAAABEACAAAzVuUeAAAAAEAHAAJt68ACbeTAAm3bgAJt1YACbZUAAXrXQACENUAAgBuTWFjIE9TIFg6VXNlcnM6AGR1Y286AERyb3Bib3g6AFRoZXNpc19BcnRpY2xlczoARG9jdW1lbnRlbjoAQXJ0aWNsZXM6AFNoYWZmZXI6AFRoZSBSb2xlIG9mIHRoZSBXVE8gRCM5Q0IzQy5wZGYADgB+AD4AVABoAGUAIABSAG8AbABlACAAbwBmACAAdABoAGUAIABXAFQATwAgAEQAaQByAGUAYwB0AG8AcgAtAEcAZQBuAGUAcgBhAGwAIABhAG4AZAAgAFMAZQBjAHIAZQB0AGEAcgBpAGEAdABfADIAMAAwADUAYQAuAHAAZABmAA8AEgAIAE0AYQBjACAATwBTACAAWAASAH1Vc2Vycy9kdWNvL0Ryb3Bib3gvVGhlc2lzX0FydGljbGVzL0RvY3VtZW50ZW4vQXJ0aWNsZXMvU2hhZmZlci9UaGUgUm9sZSBvZiB0aGUgV1RPIERpcmVjdG9yLUdlbmVyYWwgYW5kIFNlY3JldGFyaWF0XzIwMDVhLnBkZgAAEwABLwAAFQACAAv//wAAgAbSGxwdHlokY2xhc3NuYW1lWCRjbGFzc2VzXU5TTXV0YWJsZURhdGGjHR8gVk5TRGF0YVhOU09iamVjdNIbHCIjXE5TRGljdGlvbmFyeaIiIF8QD05TS2V5ZWRBcmNoaXZlctEmJ1Ryb290gAEACAARABoAIwAtADIANwBAAEYATQBVAGAAZwBqAGwAbgBxAHMAdQB3AIQAjgEMAREBGQOTA5UDmgOlA64DvAPAA8cD0APVA+ID5QP3A/oD/wAAAAAAAAIBAAAAAAAAACgAAAAAAAAAAAAAAAAAAAQB}}

@article{Barfield:2001,
	Author = {Barfield, Claude E},
	Date-Added = {2013-02-26 15:53:59 +0000},
	Date-Modified = {2013-07-15 16:02:15 +0000},
	Journal = {Chi. J. Int'l L.},
	Pages = {403},
	Publisher = {HeinOnline},
	Title = {Free Trade, Sovereignty, Democracy: Future of the World Trade Organization},
	Ty = {JOUR},
	Volume = {2},
	Year = {2001},
	Bdsk-File-1 = {YnBsaXN0MDDUAQIDBAUGJCVYJHZlcnNpb25YJG9iamVjdHNZJGFyY2hpdmVyVCR0b3ASAAGGoKgHCBMUFRYaIVUkbnVsbNMJCgsMDxJXTlMua2V5c1pOUy5vYmplY3RzViRjbGFzc6INDoACgAOiEBGABIAFgAdccmVsYXRpdmVQYXRoWWFsaWFzRGF0YV8QYC4uLy4uLy4uL0Ryb3Bib3gvVGhlc2lzX0FydGljbGVzL0RvY3VtZW50ZW4vQXJ0aWNsZXMvQmFyZmllbGQvRnJlZSBUcmFkZSwgU292ZXJlaWdudHksXzIwMDFhLnBkZtIXCxgZV05TLmRhdGFPEQIkAAAAAAIkAAIAAAhNYWMgT1MgWAAAAAAAAAAAAAAAAAAAAAAAAADNhkHVSCsAAAAJt7MfRnJlZSBUcmFkZSwgU292ZXJlaWduIzlDRDUyLnBkZgAAAAAAAAAAAAAAAAAAAAAAAAAAAAAAAAAAAAAAAAAAAAnNUs1SmQNQREYgQ0FSTwADAAYAAAkgAAAAAAAAAAAAAAAAAAAACEJhcmZpZWxkABAACAAAzYYltQAAABEACAAAzVKK8wAAAAEAHAAJt7MACbeTAAm3bgAJt1YACbZUAAXrXQACENUAAgBvTWFjIE9TIFg6VXNlcnM6AGR1Y286AERyb3Bib3g6AFRoZXNpc19BcnRpY2xlczoARG9jdW1lbnRlbjoAQXJ0aWNsZXM6AEJhcmZpZWxkOgBGcmVlIFRyYWRlLCBTb3ZlcmVpZ24jOUNENTIucGRmAAAOAEYAIgBGAHIAZQBlACAAVAByAGEAZABlACwAIABTAG8AdgBlAHIAZQBpAGcAbgB0AHkALABfADIAMAAwADEAYQAuAHAAZABmAA8AEgAIAE0AYQBjACAATwBTACAAWAASAGJVc2Vycy9kdWNvL0Ryb3Bib3gvVGhlc2lzX0FydGljbGVzL0RvY3VtZW50ZW4vQXJ0aWNsZXMvQmFyZmllbGQvRnJlZSBUcmFkZSwgU292ZXJlaWdudHksXzIwMDFhLnBkZgATAAEvAAAVAAIAC///AACABtIbHB0eWiRjbGFzc25hbWVYJGNsYXNzZXNdTlNNdXRhYmxlRGF0YaMdHyBWTlNEYXRhWE5TT2JqZWN00hscIiNcTlNEaWN0aW9uYXJ5oiIgXxAPTlNLZXllZEFyY2hpdmVy0SYnVHJvb3SAAQAIABEAGgAjAC0AMgA3AEAARgBNAFUAYABnAGoAbABuAHEAcwB1AHcAhACOAPEA9gD+AyYDKAMtAzgDQQNPA1MDWgNjA2gDdQN4A4oDjQOSAAAAAAAAAgEAAAAAAAAAKAAAAAAAAAAAAAAAAAAAA5Q=}}

@article{Duzgit:2011,
	Author = {D{\"u}zgit, S.A. and Suvarierol, S.},
	Date-Added = {2012-11-30 08:04:35 +0000},
	Date-Modified = {2013-07-15 16:02:15 +0000},
	Journal = {South European Society and Politics},
	Number = {3},
	Pages = {469--482},
	Publisher = {Taylor \& Francis},
	Title = {Turkish Accession and Defining the Boundaries of Nationalism and Supranationalism: Discourses in the European Commission},
	Volume = {16},
	Year = {2011}}

@article{Esty:2006,
	Author = {Esty, D.},
	Date-Added = {2012-11-30 08:11:07 +0000},
	Date-Modified = {2013-07-15 16:02:15 +0000},
	Journal = {Yale Law Journal},
	Month = {May},
	Number = {7},
	Pages = {1490-1562},
	Title = {Good governance at the supranational scale: globalizing administrative law},
	Url = {http://www.jstor.org/stable/20455663},
	Volume = {115},
	Year = {2006},
	Bdsk-File-1 = {YnBsaXN0MDDUAQIDBAUGJCVYJHZlcnNpb25YJG9iamVjdHNZJGFyY2hpdmVyVCR0b3ASAAGGoKgHCBMUFRYaIVUkbnVsbNMJCgsMDxJXTlMua2V5c1pOUy5vYmplY3RzViRjbGFzc6INDoACgAOiEBGABIAFgAdccmVsYXRpdmVQYXRoWWFsaWFzRGF0YV8QaC4uLy4uLy4uL0Ryb3Bib3gvVGhlc2lzX0FydGljbGVzL0RvY3VtZW50ZW4vQXJ0aWNsZXMvRXN0eS9Hb29kIGdvdmVybmFuY2UgYXQgdGhlIHN1cHJhbmF0aW9uYWxfMjAwNmEucGRm0hcLGBlXTlMuZGF0YU8RAjwAAAAAAjwAAgAACE1hYyBPUyBYAAAAAAAAAAAAAAAAAAAAAAAAAM2GQdVIKwAAAAm3lh9Hb29kIGdvdmVybmFuY2UgYXQgdGgjOURFOUUucGRmAAAAAAAAAAAAAAAAAAAAAAAAAAAAAAAAAAAAAAAAAAAACd6ezN4pVFBERiBDQVJPAAMABgAACSAAAAAAAAAAAAAAAAAAAAAERXN0eQAQAAgAAM2GJbUAAAARAAgAAMzeG0QAAAABABwACbeWAAm3kwAJt24ACbdWAAm2VAAF610AAhDVAAIAa01hYyBPUyBYOlVzZXJzOgBkdWNvOgBEcm9wYm94OgBUaGVzaXNfQXJ0aWNsZXM6AERvY3VtZW50ZW46AEFydGljbGVzOgBFc3R5OgBHb29kIGdvdmVybmFuY2UgYXQgdGgjOURFOUUucGRmAAAOAF4ALgBHAG8AbwBkACAAZwBvAHYAZQByAG4AYQBuAGMAZQAgAGEAdAAgAHQAaABlACAAcwB1AHAAcgBhAG4AYQB0AGkAbwBuAGEAbABfADIAMAAwADYAYQAuAHAAZABmAA8AEgAIAE0AYQBjACAATwBTACAAWAASAGpVc2Vycy9kdWNvL0Ryb3Bib3gvVGhlc2lzX0FydGljbGVzL0RvY3VtZW50ZW4vQXJ0aWNsZXMvRXN0eS9Hb29kIGdvdmVybmFuY2UgYXQgdGhlIHN1cHJhbmF0aW9uYWxfMjAwNmEucGRmABMAAS8AABUAAgAL//8AAIAG0hscHR5aJGNsYXNzbmFtZVgkY2xhc3Nlc11OU011dGFibGVEYXRhox0fIFZOU0RhdGFYTlNPYmplY3TSGxwiI1xOU0RpY3Rpb25hcnmiIiBfEA9OU0tleWVkQXJjaGl2ZXLRJidUcm9vdIABAAgAEQAaACMALQAyADcAQABGAE0AVQBgAGcAagBsAG4AcQBzAHUAdwCEAI4A+QD+AQYDRgNIA00DWANhA28DcwN6A4MDiAOVA5gDqgOtA7IAAAAAAAACAQAAAAAAAAAoAAAAAAAAAAAAAAAAAAADtA==},
	Bdsk-Url-1 = {http://www.jstor.org/stable/20455663}}

@book{Kreppel:2001,
	Author = {Kreppel, A.},
	Date-Added = {2012-11-30 08:11:08 +0000},
	Date-Modified = {2013-07-15 16:02:15 +0000},
	Publisher = {Cambridge University Press},
	Title = {The European Parliament and Supranational Party System: a study in institutional development},
	Year = {2001}}

@article{Kroll:2005,
	Author = {Kroll, John H.},
	Copyright = {Copyright {\copyright} 2005 The Classical Association},
	Date-Added = {2012-10-24 19:59:06 +0000},
	Date-Modified = {2013-07-15 16:02:15 +0000},
	Issn = {0009840X},
	Journal = {The Classical Review},
	Jstor_Articletype = {book-review},
	Jstor_Formatteddate = {Mar., 2005},
	Language = {English},
	Number = {1},
	Pages = {pp. 344-346},
	Publisher = {Cambridge University Press on behalf of The Classical Association},
	Series = {New Series},
	Title = {History of Coinage},
	Volume = {55},
	Year = {2005},
	Bdsk-File-1 = {YnBsaXN0MDDUAQIDBAUGJCVYJHZlcnNpb25YJG9iamVjdHNZJGFyY2hpdmVyVCR0b3ASAAGGoKgHCBMUFRYaIVUkbnVsbNMJCgsMDxJXTlMua2V5c1pOUy5vYmplY3RzViRjbGFzc6INDoACgAOiEBGABIAFgAdccmVsYXRpdmVQYXRoWWFsaWFzRGF0YV8QVy4uLy4uLy4uL0Ryb3Bib3gvVGhlc2lzX0FydGljbGVzL0RvY3VtZW50ZW4vQXJ0aWNsZXMvS3JvbGwvSGlzdG9yeSBvZiBDb2luYWdlXzIwMDViLnBkZtIXCxgZV05TLmRhdGFPEQIIAAAAAAIIAAIAAAhNYWMgT1MgWAAAAAAAAAAAAAAAAAAAAAAAAADNhkHVSCsAAAAJt5scSGlzdG9yeSBvZiBDb2luYWdlXzIwMDViLnBkZgAAAAAAAAAAAAAAAAAAAAAAAAAAAAAAAAAAAAAAAAAAAAAAAAnL0MzeJnEAAAAAAAAAAAADAAYAAAkgAAAAAAAAAAAAAAAAAAAABUtyb2xsAAAQAAgAAM2GJbUAAAARAAgAAMzeGGEAAAABABwACbebAAm3kwAJt24ACbdWAAm2VAAF610AAhDVAAIAaU1hYyBPUyBYOlVzZXJzOgBkdWNvOgBEcm9wYm94OgBUaGVzaXNfQXJ0aWNsZXM6AERvY3VtZW50ZW46AEFydGljbGVzOgBLcm9sbDoASGlzdG9yeSBvZiBDb2luYWdlXzIwMDViLnBkZgAADgA6ABwASABpAHMAdABvAHIAeQAgAG8AZgAgAEMAbwBpAG4AYQBnAGUAXwAyADAAMAA1AGIALgBwAGQAZgAPABIACABNAGEAYwAgAE8AUwAgAFgAEgBZVXNlcnMvZHVjby9Ecm9wYm94L1RoZXNpc19BcnRpY2xlcy9Eb2N1bWVudGVuL0FydGljbGVzL0tyb2xsL0hpc3Rvcnkgb2YgQ29pbmFnZV8yMDA1Yi5wZGYAABMAAS8AABUAAgAL//8AAIAG0hscHR5aJGNsYXNzbmFtZVgkY2xhc3Nlc11OU011dGFibGVEYXRhox0fIFZOU0RhdGFYTlNPYmplY3TSGxwiI1xOU0RpY3Rpb25hcnmiIiBfEA9OU0tleWVkQXJjaGl2ZXLRJidUcm9vdIABAAgAEQAaACMALQAyADcAQABGAE0AVQBgAGcAagBsAG4AcQBzAHUAdwCEAI4A6ADtAPUDAQMDAwgDEwMcAyoDLgM1Az4DQwNQA1MDZQNoA20AAAAAAAACAQAAAAAAAAAoAAAAAAAAAAAAAAAAAAADbw==},
	Bdsk-Url-1 = {http://www.jstor.org/stable/3662421}}

@book{Mises:2009,
	Author = {Mises, L.},
	Date-Added = {2012-10-26 15:44:44 +0000},
	Date-Modified = {2013-07-15 16:02:15 +0000},
	Isbn = {9781933550558},
	Publisher = {Ludwig Von Mises Institut},
	Title = {Theory of Money and Credit},
	Year = {2009},
	Bdsk-Url-1 = {http://books.google.ca/books?id=hHnIHlCm%5C_CcC}}

@book{Watson:2005,
	Author = {Watson, P.},
	Date-Added = {2012-10-24 14:59:48 +0000},
	Date-Modified = {2013-07-15 16:02:15 +0000},
	Isbn = {9780066210643},
	Keywords = {Trade History},
	Lccn = {2005050255},
	Publisher = {HarperCollins},
	Title = {Ideas: A History of Thought and Invention, from Fire to Freud},
	Year = {2005},
	Bdsk-Url-1 = {http://books.google.nl/books?id=gYlrQgAACAAJ}}

@www{WTO:2012,
	Author = {{World Trade Organization}},
	Date-Added = {2012-11-05 11:56:55 +0000},
	Date-Modified = {2013-08-10 08:43:57 +0000},
	Title = {What is the World Trade Organization?},
	Url = {http://wto.org/english/thewto_e/whatis_e/tif_e/fact1_e.htm},
	Year = {2012},
	Bdsk-Url-1 = {http://wto.org/english/thewto_e/whatis_e/tif_e/fact1_e.htm}}

@www{WTO:2012GATT,
	Author = {{World Trade Organization}},
	Date-Added = {2012-10-23 09:59:32 +0000},
	Date-Modified = {2013-08-10 08:46:27 +0000},
	Keywords = {GATT WTO},
	Title = {GATT to WTO},
	Year = {2012},
	Bdsk-Url-1 = {http://wto.org/english/thewto_e/whatis_e/tif_e/fact1_e.htm}}

@www{WTO:2012History,
	Author = {{World Trade Organization}},
	Date-Added = {2012-10-23 07:49:28 +0000},
	Date-Modified = {2013-08-10 08:46:44 +0000},
	Keywords = {WTO History},
	Lastchecked = {23-10-20012},
	Title = {WTO history},
	Year = {2012},
	Bdsk-Url-1 = {http://www.wto.org/english/thewto_e/whatis_e/tif_e/fact4_e.htm}}
