%% This BibTeX bibliography file was created using BibDesk.
%% http://bibdesk.sourceforge.net/


%% Created for Duco at 2013-08-15 17:17:19 +0200 


%% Saved with string encoding Unicode (UTF-8) 



@article{Westney:2011ih,
	Author = {Westney, D Eleanor},
	Date-Added = {2013-08-11 15:49:47 +0000},
	Date-Modified = {2013-08-15 15:17:19 +0000},
	Journaltitle = {Global Strategy Journal},
	Number = {3-4},
	Pages = {377--381},
	Title = {Global strategy and global business environment: changing models of the global business environment},
	Volume = {1},
	Year = {2011}}
